@online{wiki,
	author = "Wikipédia",
	title = "Liste de constructeurs informatiques",
	year = "2011",
	url = "http://fr.wikipedia.org/wiki/Liste_de_constructeurs_informatiques#Cartes_graphique"
}

@online{gpgpu,
	author = "Teytaud, Olivier",
	title = "GPGPU — recycler les cartes graphiques pour le calcul haute performance",
	date = "2010-04-10",
	url = "http://teytaud.over-blog.com/article-gpgpu-recycler-les-cartes-graphiques-pour-le-calcul-haute-performance-48348088.html"
}
